<record><leader>00000cas a22000007a 4500</leader><controlfield tag="001">21769278</controlfield><controlfield tag="008">900611d19561960ohuwr ne      0    0eng d</controlfield><datafield ind1=" " ind2=" " tag="010"><subfield code="a">sn 90068418 </subfield></datafield><datafield ind1=" " ind2=" " tag="040"><subfield code="a">ONP</subfield><subfield code="b">eng</subfield><subfield code="c">ONP</subfield><subfield code="d">OCLCQ</subfield></datafield><datafield ind1=" " ind2=" " tag="042"><subfield code="a">msc</subfield></datafield><datafield ind1="0" ind2=" " tag="130"><subfield code="a">News of Lexington (Lexington, Ohio)</subfield></datafield><datafield ind1="1" ind2="4" tag="245"><subfield code="a">The News of Lexington.</subfield></datafield><datafield ind1=" " ind2=" " tag="260"><subfield code="a">Lexington, Ohio :</subfield><subfield code="b">Snyder Print. Co.,</subfield><subfield code="c">1956-1960.</subfield></datafield><datafield ind1=" " ind2=" " tag="300"><subfield code="a">v.</subfield></datafield><datafield ind1=" " ind2=" " tag="310"><subfield code="a">Weekly</subfield></datafield><datafield ind1="0" ind2=" " tag="362"><subfield code="a">Vol. 2, no. 12 (Dec. 19, 1956)-v. 6, no. 16 (Dec. 22, 1960).</subfield></datafield><datafield ind1=" " ind2=" " tag="752"><subfield code="a">United States</subfield><subfield code="b">Ohio</subfield><subfield code="c">Richland</subfield><subfield code="d">Lexington.</subfield></datafield><datafield ind1="0" ind2="0" tag="780"><subfield code="t">Lexington's new shopper news</subfield><subfield code="w">(DLC)sn 90068417</subfield></datafield><datafield ind1="0" ind2="0" tag="785"><subfield code="t">South suburban news</subfield><subfield code="w">(DLC)sn 90068419</subfield></datafield></record>